@misc{1,
  author = {\textbf{Panorama de la cybermenace 2023} (2023)},
  title = {\textit{Agence nationale de la sécurité des systèmes d'information (ANSSI)}},
  howpublished = "source : \url{https://www.cert.ssi.gouv.fr/uploads/CERTFR-2024-CTI-001.pdf}"
}

@misc{2,
  author = {\textbf{Intrusion Detection Systems: A Survey and Taxonomy} (2000)},
  title = {\textit{Stefan Axelsson}},
  howpublished = "source : \url{https://www.researchgate.net/publication/2597023_Intrusion_Detection_Systems_A_Survey_and_Taxonomy}"
}

@misc{3,
  author = {\textbf{Guide to Intrusion Detection and Prevention Systems (IDPS)} (2007)},
  title = {\textit{Karen Scarfone, Peter Mell}},
  howpublished = "source : \url{https://csrc.nist.gov/pubs/sp/800/94/final}"
}

@misc{4,
  author = {\textbf{Intrusion Detection Systems} (2001)},
  title = {\textit{Rebecca Bace, Peter Mell}},
  howpublished = "source : \url{https://www.govinfo.gov/content/pkg/GOVPUB-C13-PURL-LPS72073/pdf/GOVPUB-C13-PURL-LPS72073.pdf}"
}

@misc{5,
  author = {\textbf{A study of methodologies used in intrusion detection and prevention systems (IDPS)} (2012)},
  title = {\textit{David Mudzingwa, Rajeev Agrawal}},
  howpublished = "source : \url{https://ieeexplore.ieee.org/document/6197080}"
}

@misc{6,
  author = {\textbf{Intrusion detection: a brief history and overview} (2002)},
  title = {\textit{R.A. Kemmerer, G. Vigna}},
  howpublished = "source : \url{https://ieeexplore.ieee.org/document/1012428}"
}

@misc{7,
  author = {\textbf{Decaying Indicators of Compromise} (2018)},
  title = {\textit{Andras Iklody, Gérard Wagener, Alexandre Dulaunoy, Sami Mokaddem}},
  howpublished = "source : \url{https://www.researchgate.net/publication/324104555_Decaying_Indicators_of_Compromise}"
}

@misc{8,
  author = {\textbf{Indicators of Compromise as an Instrument for Threat Intelligence} (2015)},
  title = {\textit{Denis Makrushin}},
  howpublished = "source : \url{https://www.researchgate.net/publication/349211330_Indicators_of_Compromise_as_an_Instrument_for_Threat_Intelligence}"
}

@misc{9,
  author = {\textbf{Prestataires de détection des incidents de sécurité - Référentiel d’exigences} (2017)},
  title = {\textit{Agence nationale de la sécurité des systèmes d'information (ANSSI)}},
  howpublished = "source : \url{https://cyber.gouv.fr/sites/default/files/2022-10/pdis_referentiel_v2.0%5B1%5D.pdf}"
}